@misc{ZAP_docs,
  author    = {OWASP},
  address     = {OWASP ZAP documentation},
  year      = {2024},
  url = {https://www.zaproxy.org/docs/},
  note = {Pristupljeno: 10.2.2024}
}

@misc{Zap_2.14,
  author    = {OWASP},
  address     = {OWASP ZAP_2.14 blog},
  year      = {2023},
  url = {https://www.zaproxy.org/blog/2023-10-12-zap-2-14-0/},
  note = {Pristupljeno: 10.2.2024}
}

@misc{zap_feat,
  author    = {Ivan Homola},
  address     = {OWASP Zap: 8 Core Features (Pros \& Cons)},
  year      = {2023-2-19},
  url          = {https://www.codiga.io/blog/owasp-zap/},
  note = {Pristupljeno: 1.6.2024}
}

@misc{ZAP_git,
  address     = {ZAP github},
  url = {https://github.com/zaproxy/},
  note = {Pristupljeno: 10.2.2024}
}

@misc{nmap,
  author    = {Gordon Lyon},
  address     = {Nmap documentation},
  year      = {2013},
  url = {https://nmap.org/docs.html},
  note = {Pristupljeno: 10.1.2024}
}

@misc{apisec,
    author = {Dan Barahona},
    address  = {Burp Suite vs. OWASP ZAP - Which is Better for API Security Testing?},
    year         = {2022},
    month        = {10. travnja},
    url = {https://www.apisec.ai/blog/burp-suite-vs-zap},
    note = {Pristupljeno: 5.6.2024}
}

@misc{medium_vs,
    author = {Ekene Joseph},
    address  = {Burp Suite vs OWASP ZAP â€” a Comparison series},
    year   = {2023},
    month        = {12. srpnja},
    url = {https://medium.com/@Ekenejoseph/burp-suite-vs-owasp-zap-a-comparison-series-8e34162c42e6},
    note = {Pristupljeno: 5.6.2024}
}

@misc{burp_feat,
    author = {PortSwigger},
    address  = {Burp Suite Professional - Features},
    year   = {2024},
    url = {https://portswigger.net/burp/pro/features},
    note = {Pristupljeno: 5.5.2024}
}

@misc{owasp_top10,
  author    = {OWASP},
  organization = {OWASP},
  address     = {Top 10 Web Application Security Risks},
  year      = {2021},
  url          = {https://owasp.org/www-project-top-ten/},
  note = {Pristupljeno: 7.6.2024}
}

@misc{burp_to_zap,
  author    = {OWASP},
  address     = {Burp to ZAP Feature Map},
  year      = {2024},
  url          = {https://www.zaproxy.org/docs/burp-to-zap-feature-map/},
  note = {Pristupljeno: 10.6.2024}
}

@misc{burp_labs,
  author    = {PortSwigger},
  address     = {Burp Suite Lab exercises},
  url          = {https://portswigger.net/web-security/all-labs},
  note = {Pristupljeno: 10.6.2024}
}

@misc{sql_lab,
  author = {PortSwigger},
  organization = {PortSwigger},
  address     = {Lab: Visible error-based SQL injection},
  url          = {https://portswigger.net/web-security/sql-injection/blind/lab-sql-injection-visible-error-based},
  note = {Pristupljeno: 10.6.2024}
}

@misc{2FA_lab,
  author = {PortSwigger},
  organization = {PortSwigger},
  address     = {Lab: 2FA broken logic},
  url          = {https://portswigger.net/web-security/authentication/multi-factor/lab-2fa-broken-logic},
  note = {Pristupljeno: 10.6.2024}
}

@misc{brute_lab,
  author = {PortSwigger},
  organization = {PortSwigger},
  address     = {Lab: Password brute-force via password change},
  url          = {https://portswigger.net/web-security/authentication/other-mechanisms/lab-password-brute-force-via-password-change},
  note = {Pristupljeno: 10.6.2024}
}

@misc{sql_w3,
  author = {W3Schools},
  address     = {SQL Injection},
  url          = {https://www.w3schools.com/sql/sql_injection.asp},
  note = {Pristupljeno: 10.6.2024}
}

@book{clarke_sql,
  author         = {Justin Clarke},
  editor         = {Chris Katasaropolous},
  publisher      = {Elsevier},
  title          = {SQL Injection Attacks and Defense},
  year           = {2012}
}

@inproceedings{dmitrienko2014security,
  title={On the (in) security of mobile two-factor authentication},
  author={Dmitrienko, Alexandra and Liebchen, Christopher and Rossow, Christian and Sadeghi, Ahmad-Reza},
  booktitle={Financial Cryptography and Data Security: 18th International Conference, FC 2014, Christ Church, Barbados, March 3-7, 2014, Revised Selected Papers 18},
  pages={365--383},
  year={2014},
  organization={Springer}
}

@inproceedings{aloul2009two,
  title={Two factor authentication using mobile phones},
  author={Aloul, Fadi and Zahidi, Syed and El-Hajj, Wassim},
  booktitle={2009 IEEE/ACS international conference on computer systems and applications},
  pages={641--644},
  year={2009},
  organization={IEEE}
}

@article{knudsen2011brute,
  title={Brute force attacks},
  author={Knudsen, Lars R and Robshaw, Matthew JB and Knudsen, Lars R and Robshaw, Matthew JB},
  journal={The Block Cipher Companion},
  pages={95--108},
  year={2011},
  publisher={Springer}
}

@misc{owasp_2fa_manual,
  author       = {OWASP},
  url = {https://www.zaproxy.org/blog/2022-04-06-portswigger-lab-2fa-broken-logic/},
  address        = {PortSwigger Labs: 2FA Broken Logic},
  month        = {6. travnja},
  year         = {2022},
  note = {Pristupljeno 10.6.2024}
}

@misc{owasp_b-f_manual,
  author       = {OWASP},
  url = {https://www.zaproxy.org/blog/2022-03-29-portswigger-lab-brute-force-password-change/},
  address        = {PortSwigger Labs: Password Brute-force via Password Change with ZAP},
  month        = {6. travnja},
  year         = {2022},
  note = {Pristupljeno 10.6.2024}
}

@article{albahar2022empirical,
  title={An empirical comparison of pen-testing tools for detecting web app vulnerabilities},
  author={Albahar, Marwan and Alansari, Dhoha and Jurcut, Anca},
  journal={Electronics},
  volume={11},
  number={19},
  pages={2991},
  year={2022},
  publisher={MDPI}
}

@misc{zap_script,
  author       = {Yuri Tarankov},
  url = {https://www.elinext.com/blog/owasp-zap-api-python-script-for-active-automated-scanning-of-web-apps-in-python-three/},
  address        = {OWASP ZAP API Python Script for Active Automated Scanning of Web Apps in Python 3},
  month        = {21. rujna},
  year         = {2023},
  note = {Pristupljeno 13.6.2024}
}