@article{dey2001context,
    author    = {Anind K. Dey and Gregory D. Abowd},
    title     = {Towards a Better Understanding of Context and Context-Awareness},
    journal   = {Lecture Notes in Computer Science},
    year      = {2001},
    volume    = {1707},
    pages     = {304-307},
    publisher = {Springer},
    address   = {Berlin, Heidelberg}
}

@article{liu2011survey,
    author    = {Wei Liu and Xue Li and Daoli Huang},
    title     = {A Survey on Context Awareness},
    journal   = {International Conference on Computer Science and Information Technology},
    year      = {2011},
    pages     = {144-147},
    publisher = {IEEE}
}

@misc{alertcalifornia2024,
    author    = {{ALERTCalifornia}},
    title     = {Technology Overview},
    howpublished = {\url{https://alertcalifornia.org/technology/}},
    year      = {2024},
    note      = {Pristupljeno: lipanj 2025}
}