% literatura.bib

@misc{crowdstrike_edr,
  author = {CrowdStrike},
  title = {Endpoint Detection and Response (EDR)},
  url = {https://www.crowdstrike.com/en-us/cybersecurity-101/endpoint-security/endpoint-detection-and-response-edr/},
  note = {Pristupljeno: 10.3.2025}
}

@misc{microsoft_edr,
  author = {Microsoft},
  title = {What is EDR (Endpoint Detection and Response)},
  url = {https://www.microsoft.com/en-us/security/business/security-101/what-is-edr-endpoint-detection-response},
  note = {Pristupljeno: 10.3.2025}
}

@misc{corelight_xdr,
  author = {Corelight},
  title = {XDR Extended Detection and Response},
  url = {https://corelight.com/resources/glossary/xdr-extended-detection-and-response},
  note = {Pristupljeno: 10.3.2025}
}

@misc{paloalto_xdr,
  author = {Palo Alto Networks},
  title = {What is Extended Detection Response (XDR)},
  url = {https://www.paloaltonetworks.com/cyberpedia/what-is-extended-detection-response-XDR},
  note = {Pristupljeno: 10.3.2025}
}

@misc{crowdstrike_xdr,
  author = {CrowdStrike},
  title = {Extended Detection and Response (XDR)},
  url = {https://www.crowdstrike.com/en-us/cybersecurity-101/endpoint-security/extended-detection-and-response-xdr/},
  note = {Pristupljeno: 10.3.2025}
}

@misc{fortinet_ndr,
  author = {Fortinet},
  title = {What is NDR},
  url = {https://www.fortinet.com/resources/cyberglossary/what-is-ndr},
  note = {Pristupljeno: 10.3.2025}
}

@misc{cisco_ndr,
  author = {Cisco},
  title = {What is Network Detection Response},
  url = {https://www.cisco.com/c/en/us/products/security/what-is-network-detection-response.html},
  note = {Pristupljeno: 10.3.2025}
}

@misc{sans_comparative_study,
  title = {Evaluating the Efficacy of Network Forensic Tools: A Comparative Analysis of Snort, Suricata, and Zeek in Addressing Cyber Vulnerabilities},
  year = {2022},
  url = {https://sansorg.egnyte.com/dl/l1u6Zjhdgy},
  note = {Pristupljeno: 24.3.2025}
}

@misc{peerspot_snort_darktrace,
  author = {PeerSpot},
  title = {Cisco Sourcefire SNORT vs Darktrace vs Vectra AI},
  year = {2025},
  url = {https://www.peerspot.com/products/comparisons/cisco-sourcefire-snort_vs_darktrace_vs_vectra-ai},
  note = {Pristupljeno: 9.4.2025}
}

@misc{peerspot_snort_paloalto,
  author = {PeerSpot},
  title = {Cisco Sourcefire SNORT vs Palo Alto Networks Advanced Threat Prevention},
  year = {2025},
  url = {https://www.peerspot.com/products/comparisons/cisco-sourcefire-snort_vs_palo-alto-networks-advanced-threat-prevention},
  note = {Pristupljeno: 16.4.2025}
}

@misc{peerspot_snort_pros,
  author = {PeerSpot},
  title = {Cisco Sourcefire SNORT Pros and Cons},
  url = {https://www.peerspot.com/products/cisco-sourcefire-snort-pros-and-cons\#pro-aspect-container},
  note = {Pristupljeno: 9.4.2025}
}

@misc{peerspot_darktrace_pros,
  author = {PeerSpot},
  title = {Darktrace Pros and Cons},
  url = {https://www.peerspot.com/products/darktrace-pros-and-cons\#pro-aspect-container},
  note = {Pristupljeno: 9.4.2025}
}

@misc{peerspot_vectra_pros,
  author = {PeerSpot},
  title = {Vectra AI Pros and Cons},
  url = {https://www.peerspot.com/products/vectra-ai-pros-and-cons\#pro-aspect-container},
  note = {Pristupljeno: 9.4.2025}
}

@misc{g2_crowdstrike_comparison,
  author = {G2},
  title = {CrowdStrike Falcon Endpoint Protection Platform vs Wazuh vs SentinelOne Singularity vs Microsoft Defender XDR},
  year = {2025},
  url = {https://www.g2.com/compare/crowdstrike-falcon-endpoint-protection-platform-vs-wazuh-the-open-source-security-platform-vs-sentinelone-singularity-vs-microsoft-defender-xdr},
  note = {Pristupljeno: 14.5.2025}
}

@misc{g2_cortex_comparison,
  author = {G2},
  title = {Palo Alto Networks Cortex XDR vs Wazuh vs Vectra AI Platform vs Darktrace Detect},
  year = {2025},
  url = {https://www.g2.com/compare/palo-alto-networks-cortex-xdr-vs-wazuh-the-open-source-security-platform-vs-vectra-ai-platform-vs-darktrace-detect},
  note = {Pristupljeno: 16.5.2025}
}